@book{author1,
    title={Introduction to \LaTeX},
    author={Smith, John},
    year={2020},
    publisher={Academic Press}
}

@article{author2,
    title={Advanced \LaTeX\ Techniques},
    author={Johnson, Mary},
    journal={Journal of Document Processing},
    year={2019},
    volume={15},
    number={2}
}

@book{author3,
    title={Document Preparation Systems},
    author={Brown, Robert},
    year={2018},
    publisher={Technical Publications}
}

@article{author4,
    title={Modern Typesetting Methods},
    author={Wilson, Sarah},
    journal={Typography Review},
    year={2021},
    volume={8}
}

@inproceedings{author5,
    title={Best Practices in Academic Writing},
    author={Davis, Michael},
    booktitle={Annual Conference on Technical Documentation},
    year={2020}
}

@book{author6,
    title={Scientific Writing and Publication},
    author={Anderson, Emily},
    year={2019},
    publisher={Research Press}
}

@article{author7,
    title={The Evolution of Document Processing},
    author={Taylor, James},
    journal={Computing Today},
    year={2022},
    volume={12}
}

@book{author8,
    title={Digital Typography},
    author={Martinez, Ana},
    year={2021},
    publisher={Digital Press}
}

@article{author9,
    title={Academic Publishing in the Digital Age},
    author={White, David},
    journal={Digital Scholarship Quarterly},
    year={2020},
    volume={5}
}

@book{author10,
    title={Professional Document Preparation},
    author={Lee, Jennifer},
    year={2019},
    publisher={Professional Books}
}
